@masterthesis{nns2006,
    title={Simulateur de réseaux de neurones},
    author={Bedexagar, Maxime AND Besse, Alexandre AND Chucri, Farès AND Peyronnet, Laurent},
    school={Université de Bordeaux 1},
    year={2006},
    note={Projet initial, sur lequel se base notre projet}
}

@phdthesis{phdammar,
    title={Mise en \oe{}uvre de réseaux de neurones pour la modélisation de cinétiques réactionnelles en vue de la transposition batch/continu.},
    author={Ammar, Mohamed Yessin},
    school={Institut National Polytechnique de Toulouse},
    month={jan},
    year={2007}
}

@phdthesis{phdmouraud,
    title={Approche distribuée pour la simulation évènementielle de réseaux de neurones impulsionnels.},
    author={Mouraud, Anthony},
    school={Université des Antilles et de la Guyanne},
    month={may},
    year={2009}
}

@manual{reportinria2002,
    title={Simulation neuronal de la vision précoce corticale avec un modèle de Heeger.},
    author={Crahay, Sylvie AND Viéville, Thierry},
    month={sep},
    year={2002},
    organization={INRIA},
    note={Rapport de recherche \no 4534}
}

@article{articleglmf,
    author={Balima, Damien},
    journal={GNU Linux Magazine France \No 144},
    title={Datamining avec Rattle},
    year={2011},
    month={dec},
    pages={38}
}

@article{articlecnrs,
    author={Zeitoun, Charline},
    journal={CNRS le journal \No 230 - Le cerveau},
    title={Les neurones en équation},
    howpublished={Website},
    year={2009},
    month={mar},
    note={\url{http://www2.cnrs.fr/presse/journal/4257.htm} (dernier accès le 11.01.2012)}
}

@misc{slideslogigrammes,
    author={Musumbu, Kaninda},
    title={Automatisation de logigrammes de sécurité},
    year={2001},
    note={\url{http://uuu.enseirb.fr/~gloess/enseignement/spp/2004_2005/kbslides.ps} (dernier accès le 23.01.2012)}
}

@misc{coursretropropagation,
    author={Leray, Philippe},
    title={Quelques Types de Réseaux de Neurones - La Rétropropagation},
    organization={INSA Rouen},
    note={\url{http://asi.insa-rouen.fr/enseignement/siteUV/rna/Cours2/06-RN-BP.pdf} (dernier accès le 11.01.2012)}
}

@misc{coursbases,
    author={Cornuéjols, Antoine},
    title={Les réseaux de neurones},
    organization={I.I.E. \& L.R.I., Université d'Orsay},
    note={\url{http://www.lri.fr/~antoine/Courses/ENSTA/Tr-ensta-nnx9.pdf} (dernier accès le 11.01.2012)}
}

@misc{slidesAiChess,
    author={Kavitha, S. AND Kendre, S. AND Kolhar, K. AND Prabhu, P.},
    title={Implementation of Self-Learning in Chess using Neural Networks},
    note={\url{http://www.slideshare.net/piuprabhu/chess-end-games-using-neural-networks-presentation} (dernier accès le 11.01.2012)}
}

@book{lacomme2003algorithmes,
  title={Algorithmes de graphes},
  author={Lacomme, Philippe AND Prins, Christian AND Sevaux, Marc},
  isbn={9782212113853},
  series={Algorithmes (Paris)},
  url={http://books.google.fr/books?id=rwmSPQAACAAJ},
  year={2003},
  publisher={Eyrolles}
}

@book{haykin1999neural,
  title={Neural networks: a comprehensive foundation},
  author={Haykin, Simon S.},
  isbn={9780132733502},
  url={http://books.google.fr/books?id=bX4pAQAAMAAJ},
  year={1999},
  publisher={Prentice Hall}
}

@book{2004reseaux,
  title={Réseaux de neurones: méthodologie et applications},
  author={Dreyfus, Gérard AND Samuelides, Manuel AND Martinez, Jean-Marc AND Gordon, Mirta-B},
  isbn={9782212114645},
  series={Algorithmes (Paris)},
  url={http://books.google.fr/books?id=eMndAAAACAAJ},
  year={2004},
  publisher={Eyrolles}
}

@book{herault1994reseaux,
  title={Réseaux neuronaux et traitement du signal},
  author={Hérault, Jeanny AND Jutten, Christian},
  isbn={9782866014230},
  series={Traité des nouvelles technologies. Série Traitement du signal},
  url={http://books.google.fr/books?id=XxHSPQAACAAJ},
  year={1994},
  publisher={Hermès}
}

@book{borne2007reseaux,
  title={Les réseaux de neurones: présentation et applications},
  author={Borne, Pierre AND Benrejeb, Mohamed AND Haggège, Joseph},
  isbn={9782710808961},
  series={Méthodes et techniques de l'ingénieur},
  url={http://books.google.fr/books?id=P1GgimurnGoC},
  year={2007},
  publisher={Éd. Technip}
}


@book{minsky1972perceptrons,
  title={Perceptrons: an introduction to computational geometry},
  author={Minsky, Marvin Lee AND Papert, Seymour},
  url={http://books.google.fr/books?id=36E0QgAACAAJ},
  year={1972},
  publisher={MIT Press}
}
